@online{python,
   author = {Python Software Foundation},
   title = {Python Release Python 3.4.3},
   date = {2015-02-25},
   url = {https://www.python.org/downloads/release/python-343/},
   urldate = {2015-06-03},
}

@online{flask,
   author = {Ronacher, Armin and others},
   title = {Flask (A Python Microframework) -- 0.10.1},
   date = {2014-06-14},
   url = {http://pypi.python.org/packages/source/F/Flask/Flask-0.10.1.tar.gz},
   urldate = {2015-06-03},
}

@online{jsonpickle,
   author = {Paulett, John and Aguilar, David and others},
   title = {jsonpickle 0.8.0},
   date = {2014-09-06},
   url = {https://jsonpickle.github.io/changelog.html#version-0-8-0-september-6-2014},
   urldate = {2015-06-03},
}

@online{hashlib,
   author = {Python Software Foundation},
   title = {hashlib — Secure hashes and message digests},
   date = {2015-02-25},
   url = {https://docs.python.org/3/library/hashlib.html},
   urldate = {2015-06-03},
}

@online{subprocess,
   author = {Python Software Foundation},
   title = {subprocess — Subprocess management},
   date = {2015-02-25},
   url = {https://docs.python.org/3.4/library/subprocess.html},
   urldate = {2015-06-03},
}

@online{psutil,
   author = {Rodola, Giampaolo},
   title = {psutil 2.2.1 — cross-platform library for retrieving information on running processes and system utilizaton in Python},
   date = {2015-02-25},
   url = {https://github.com/giampaolo/psutil/releases/tag/release-2.2.1},
   urldate = {2015-02-02},
}

@online{requests,
   author = {Reitz, Kenneth and others},
   title = {Requests: HTTP for Humans},
   date = {2015-05-03},
   url = {http://docs.python-requests.org/en/latest/community/updates/#software-updates},
   urldate = {2015-06-03},
}

@online{sqlalchemy,
   author = {the SQLAlchemy authors and contributors},
   title = {SQLAlchemy: the Database Toolkit for Python},
   date = {2015-05-07},
   url = {http://docs.sqlalchemy.org/en/latest/changelog/changelog_10.html#change-1.0.4},
   urldate = {2015-06-03},
}


@online{yed,
   author = {yWorks},
   title = {yEd -- Graph Editor},
   url = {http://www.yworks.com/en/downloads.html#yEd},
   urldate = {2015-06-03},
}

@online{postgresql,
   author = {The PostgreSQL Global Development Group},
   title = {PostgreSQL: The world's most advanced open source database},
   date = {2015-05-22},
   url = {http://www.postgresql.org/docs/9.4/static/release-9-4-2.html},
   urldate = {2015-06-03},
}

@online{sqlite,
   title = {SQLite Release 3.8.10.2},
   date = {2015-05-20},
   url = {https://www.sqlite.org/releaselog/3_8_10_2.html},
   urldate = {2015-06-04},
}

@online{tarl,
   author = {GNU},
   title = {Tar},
   date = {2014-07-28},
   url = {http://www.gnu.org/software/tar/},
   urldate = {2015-06-03},
}

@online{gzipl,
   author = {Luttringer, Sebastien},
   title = {gzip 1.6-1},
   date = {2013-06-20},
   url = {https://www.archlinux.org/packages/core/i686/gzip/},
   urldate = {2015-06-03},
}

@online{tarw,
   author = {GNU},
   title = {Tar for Windows},
   date = {2014-10-3},
   url = {http://gnuwin32.sourceforge.net/packages/gtar.htm},
   urldate = {2015-06-03},
}

@online{gzipw,
   author = {GNU},
   title = {gzip 1.3.12 for Windows},
   date = {2013-10-15},
   url = {http://gnuwin32.sourceforge.net/packages/gzip.htm},
   urldate = {2015-06-03},
}

@online{inkscape,
   author = {Inkscape collective},
   title = {Inkscape -- an SVG editing program},
   date = {2015-01-30},
   url = {https://inkscape.org/ru/news/2015/01/30/inkscape-version-091-is-released/},
   urldate = {2015-06-03},
}

@online{nginx,
    author = {Nginx Inc.},
    title = {nginx 1.8.0},
    date = {2015-04-21},
    url = {http://nginx.org/},
    urldate = {2015-06-05}
}